<record><leader>00000cas a2200000 a 4500</leader><controlfield tag="001">10111570</controlfield><controlfield tag="007">hd afb---bacu</controlfield><controlfield tag="007">hd bfb---babu</controlfield><controlfield tag="008">831109d19391949wauwr nea     0   a0eng c</controlfield><datafield ind1=" " ind2=" " tag="010"><subfield code="a">  2013252075</subfield></datafield><datafield ind1=" " ind2=" " tag="040"><subfield code="a">WAU</subfield><subfield code="b">eng</subfield><subfield code="c">WAU</subfield><subfield code="d">OCL</subfield><subfield code="d">OCLCQ</subfield><subfield code="d">WAU</subfield><subfield code="d">OCLCQ</subfield><subfield code="d">WAU</subfield><subfield code="d">OCLCF</subfield></datafield><datafield ind1=" " ind2=" " tag="042"><subfield code="a">pcc</subfield></datafield><datafield ind1=" " ind2=" " tag="043"><subfield code="a">n-us-wa</subfield></datafield><datafield ind1="0" ind2="4" tag="082"><subfield code="a">071.9751</subfield><subfield code="2">19</subfield></datafield><datafield ind1="0" ind2="4" tag="245"><subfield code="a">The Kennewick courier-reporter</subfield><subfield code="h">[microform].</subfield></datafield><datafield ind1=" " ind2=" " tag="260"><subfield code="a">Kennewick, Wash. :</subfield><subfield code="b">Kennewick Print. Co.</subfield></datafield><datafield ind1=" " ind2=" " tag="300"><subfield code="a">v.</subfield></datafield><datafield ind1=" " ind2=" " tag="310"><subfield code="a">Weekly</subfield></datafield><datafield ind1="1" ind2=" " tag="362"><subfield code="a">Began with Vol. 24, no. 40 (Jan. 5, 1939); ceased with v. 36, no. 31 (Oct. 28, 1949).</subfield></datafield><datafield ind1=" " ind2=" " tag="533"><subfield code="a">Microfilm.</subfield><subfield code="b">Seattle, Wash. :</subfield><subfield code="c">University of Washington,</subfield><subfield code="d">1983.</subfield><subfield code="e">2 microfilm reels ; 35 mm.</subfield></datafield><datafield ind1=" " ind2=" " tag="588"><subfield code="a">Description based on: Vol. 27, no. 6 (May 8, 1941); title from masthead.</subfield></datafield><datafield ind1=" " ind2=" " tag="588"><subfield code="a">Latest issue consulted: Vol. 35, no. 18 (July 29, 1949).</subfield></datafield><datafield ind1=" " ind2="0" tag="651"><subfield code="a">Kennewick (Wash.)</subfield><subfield code="v">Newspapers.</subfield></datafield><datafield ind1=" " ind2="7" tag="655"><subfield code="a">Newspapers.</subfield><subfield code="2">fast</subfield><subfield code="0">(OCoLC)fst01423814</subfield></datafield><datafield ind1=" " ind2="7" tag="651"><subfield code="a">Washington (State)</subfield><subfield code="z">Kennewick.</subfield><subfield code="2">fast</subfield><subfield code="0">(OCoLC)fst01222642</subfield></datafield><datafield ind1=" " ind2=" " tag="752"><subfield code="a">United States</subfield><subfield code="b">Washington</subfield><subfield code="c">Benton</subfield><subfield code="d">Kennewick.</subfield></datafield><datafield ind1="1" ind2=" " tag="776"><subfield code="c">Original</subfield><subfield code="w">(DLC)sn 87093044</subfield><subfield code="w">(OCoLC)16996384</subfield></datafield><datafield ind1="0" ind2="0" tag="780"><subfield code="t">Kennewick courier-reporter and White Bluffs spokesman</subfield></datafield><datafield ind1="0" ind2="0" tag="785"><subfield code="t">Courier-herald (Kennewick, Wash.)</subfield><subfield code="w">(DLC)  2013252076</subfield><subfield code="w">(OCoLC)828688279</subfield></datafield></record>